@misc{klein,
    author = {Klein, Maximilian},
    publisher = {Unpublished},
    title = {{Kumusha Takes Wiki: Actionable Metrics for Uganda and C\^{o}te d'Ivoire}},
    year = {2014},
    url = {http://notconfusing.com/kumusha-takes-wiki-actionable-metrics-for-uganda-and-cote-divoire/}
}

@inproceedings{burke2008taking,
  title={Taking up the mop: identifying future wikipedia administrators},
  author={Burke, Moira and Kraut, Robert},
  booktitle={CHI'08 extended abstracts on Human factors in computing systems},
  pages={3441--3446},
  year={2008},
  organization={ACM}
}

@article{vonkrogh2014designing,
	author = {von Krogh, Georg and Maillart, Thomas and Haefliger, Stefan and Sornette, Didier},
	title = {Designing Organizations for Productive Bursts},
	journal = {in revision},
	year = {2014}
}

%@article{kane2011,
%	author = {Kane, G. C.}, 
%	year = {2011},
%	title =  {A multimethod study of information quality in wiki collaboration},
%	journal = {ACM Trans. Manag. Inform. Syst.},
%	volume = {2, 1, Article 4},
%	pages = {16 pages},
%	DOI = {10.1145/1929916.1929920 http://doi.acm.org/10.1145/1929916.1929920}
%}

%@inproceedings{keegan2012,
%  title={Do Editors or Articles Drive Collaboration? Multilevel
%Statistical Network Analysis of Wikipedia Coauthorship},
%  author={Brian Keegan, Darren Gergle, Noshir Contractor},
%  booktitle={CSCWâ€™12,},
%  year={2012},
%  organization={ACM},
%  location={Seattle, Washington, USA}
%}


	